<record><leader>00000cas a22000007a 4500</leader><controlfield tag="001">12306552</controlfield><controlfield tag="008">850725c19739999iauwr ne      0    0eng d</controlfield><datafield ind1=" " ind2=" " tag="010"><subfield code="a">sn 85050856 </subfield></datafield><datafield ind1=" " ind2=" " tag="040"><subfield code="a">INP</subfield><subfield code="b">eng</subfield><subfield code="c">INP</subfield><subfield code="d">NST</subfield><subfield code="d">OCLCQ</subfield></datafield><datafield ind1=" " ind2=" " tag="012"><subfield code="i">9006</subfield></datafield><datafield ind1=" " ind2=" " tag="042"><subfield code="a">msc</subfield></datafield><datafield ind1="0" ind2=" " tag="130"><subfield code="a">Midland times (Wyoming, Iowa : 1973)</subfield></datafield><datafield ind1="1" ind2="0" tag="245"><subfield code="a">Midland times.</subfield></datafield><datafield ind1=" " ind2=" " tag="260"><subfield code="a">Wyoming, Iowa :</subfield><subfield code="b">[Larry Frahm],</subfield><subfield code="c">1973-</subfield></datafield><datafield ind1=" " ind2=" " tag="300"><subfield code="a">v. :</subfield><subfield code="b">ill.</subfield></datafield><datafield ind1=" " ind2=" " tag="310"><subfield code="a">Weekly</subfield></datafield><datafield ind1="0" ind2=" " tag="362"><subfield code="a">Feb. 23, 1973-</subfield></datafield><datafield ind1=" " ind2=" " tag="500"><subfield code="a">Publisher varies.</subfield></datafield><datafield ind1=" " ind2=" " tag="515"><subfield code="a">Vol. 1, no. 1 (Aug. 17, 1973) preceded by unnumbered issues dated Feb. 23-Aug. 3, 1973.</subfield></datafield><datafield ind1=" " ind2=" " tag="515"><subfield code="a">Frequent errors in numbering.</subfield></datafield><datafield ind1=" " ind2=" " tag="525"><subfield code="a">"Wyoming fair days" supplement issued July 5, 1985.</subfield></datafield><datafield ind1=" " ind2=" " tag="752"><subfield code="a">United States</subfield><subfield code="b">Iowa</subfield><subfield code="c">Jones</subfield><subfield code="d">Wyoming.</subfield></datafield><datafield ind1=" " ind2=" " tag="850"><subfield code="a">IaAS</subfield></datafield></record>